@misc
	{	
		wikipedia_python, 
		title={Python (Programmiersprache)}, 
		url={https://de.wikipedia.org/wiki/Python_(Programmiersprache)}, 
		journal={Wikipedia}, 
		publisher={Wikimedia Foundation}, 
		year={2018}, 
		month={Apr}
	}

@misc
	{	
		raspi_intro, 
		title={Mincraft Pi Edition}, 
		url={https://minecraft-de.gamepedia.com/Pi_Edition}, 
		journal={Minecraft Wiki}, 
		publisher={Minecraft Wiki}
	}



@misc
{	
	raspi_pinout, 
	title={Pi Board Anschl√ºsse}, 
	url={http://www.pighixxx.com/test/wp-content/uploads/2015/06/raspberry.png}, 
	journal={raspberry}, 
	publisher={raspberry},
    year={2015}, 
	month={Jun}
}